<?xml version = "1.0" encoding = "UTF-8"?><OAI-PMH xmlns="http://www.openarchives.org/OAI/2.0/" xmlns:xsi="http://www.w3.org/2001/XMLSchema-instance" xsi:schemaLocation="http://www.openarchives.org/OAI/2.0/ http://www.openarchives.org/OAI/2.0/OAI-PMH.xsd"><ListRecords><record><header><identifier>aleph-publish:005777978</identifier></header><metadata><record xmlns="http://www.ddb.de/professionell/mabxml/mabxml-1.xsd"><leader>00468vM2.01200024------h</leader><controlfield tag="LDR">00468vM2.01200024------h</controlfield><controlfield tag="FMT">MH</controlfield><datafield tag="001" ind1="-" ind2="1"><subfield code="a">HT005183154</subfield></datafield><datafield tag="002" ind1="a" ind2="1"><subfield code="a">19980407</subfield></datafield><datafield tag="003" ind1="-" ind2="1"><subfield code="a">20020114</subfield></datafield><controlfield tag="030">h|1uc||||||17</controlfield><datafield tag="036" ind1="a" ind2="1"><subfield code="a">DX</subfield></datafield><datafield tag="037" ind1="b" ind2="1"><subfield code="a">ger</subfield></datafield><controlfield tag="050">a|||||||||||||</controlfield><controlfield tag="051">s|||||||</controlfield><datafield tag="070" ind1="-" ind2="1"><subfield code="a">361</subfield></datafield><datafield tag="070" ind1="b" ind2="1"><subfield code="a">HBZ/Red</subfield></datafield><datafield tag="080" ind1="-" ind2="1"><subfield code="a">60</subfield></datafield><datafield tag="100" ind1="-" ind2="1"><subfield code="p">Fueter, Eduard</subfield><subfield code="9">(DE-588)100479286</subfield></datafield><datafield tag="331" ind1="-" ind2="1"><subfield code="a">Geschichte der neueren Historiographie</subfield></datafield><datafield tag="359" ind1="-" ind2="1"><subfield code="a">von Eduard Fueter</subfield></datafield><datafield tag="403" ind1="-" ind2="1"><subfield code="a">3., um e. Nachtr. verm. Aufl.</subfield></datafield><datafield tag="410" ind1="-" ind2="1"><subfield code="a">München</subfield></datafield><datafield tag="412" ind1="-" ind2="1"><subfield code="a">Oldenbourg</subfield></datafield><datafield tag="425" ind1="a" ind2="1"><subfield code="a">1936</subfield></datafield><datafield tag="433" ind1="-" ind2="1"><subfield code="a">XXII, 670 S.</subfield></datafield><datafield tag="451" ind1="-" ind2="1"><subfield code="a">Handbuch der mittelalterlichen und neueren Geschichte : Abt. 1, Allgemeines</subfield></datafield><datafield tag="453" ind1="-" ind2="1"><subfield code="a">HT002964659</subfield></datafield><datafield tag="455" ind1="-" ind2="1"><subfield code="a">Abt. 1, Allgemeines</subfield></datafield><datafield tag="456" ind1="-" ind2="1"><subfield code="a">1,Fueter</subfield></datafield><controlfield tag="SYS">005777978</controlfield><datafield tag="LOW" ind1="-" ind2="1"><subfield code="a">K5001</subfield></datafield><datafield tag="LOW" ind1="-" ind2="1"><subfield code="a">K0001</subfield></datafield><datafield tag="LOW" ind1="-" ind2="1"><subfield code="a">Q1085</subfield></datafield><datafield tag="LOW" ind1="-" ind2="1"><subfield code="a">C0001</subfield></datafield><datafield tag="LOW" ind1="-" ind2="1"><subfield code="a">Q0001</subfield></datafield><datafield tag="LOW" ind1="-" ind2="1"><subfield code="a">M0001</subfield></datafield><datafield tag="LOW" ind1="-" ind2="1"><subfield code="a">M1129</subfield></datafield><datafield tag="088" ind1=" " ind2=" "><subfield code="a">361</subfield><subfield code="b">00000014</subfield><subfield code="c">CD420 F955(3)</subfield><subfield code="e">Keine Angabe</subfield></datafield><datafield tag="088" ind1=" " ind2=" "><subfield code="a">38</subfield><subfield code="b">00000002</subfield><subfield code="c">LS/G161</subfield><subfield code="e">keine ILL</subfield></datafield><datafield tag="088" ind1=" " ind2=" "><subfield code="a">5</subfield><subfield code="b">00000000</subfield><subfield code="c">49/3704 +3</subfield><subfield code="e">ILL Ausleihe</subfield></datafield><datafield tag="088" ind1=" " ind2=" "><subfield code="a">6</subfield><subfield code="b">00000001</subfield><subfield code="c">H+3 166-1,1</subfield><subfield code="e">ILL Ausleihe</subfield></datafield><datafield tag="088" ind1=" " ind2=" "><subfield code="a">832</subfield><subfield code="b">00003000</subfield><subfield code="c">KXFA1009(3)</subfield><subfield code="e">ILL Ausleihe</subfield></datafield><datafield tag="088" ind1=" " ind2=" "><subfield code="a">5/22</subfield><subfield code="b">00064002</subfield><subfield code="c">Vb 75</subfield><subfield code="e">keine ILL</subfield></datafield><datafield tag="088" ind1=" " ind2=" "><subfield code="a">6/248</subfield><subfield code="b">00016001</subfield><subfield code="c">Bc 40 -I-2-</subfield><subfield code="e">keine ILL</subfield></datafield></record></metadata></record></ListRecords></OAI-PMH>